
@article{chetty2014land,
	title={Where is the land of opportunity? The geography of intergenerational mobility in the United States},
	author={Chetty, Raj and Hendren, Nathaniel and Kline, Patrick and Saez, Emmanuel},
	journal={The Quarterly Journal of Economics},
	volume={129},
	number={4},
	pages={1553--1623},
	year={2014},
	publisher={Oxford University Press}
}
@article{chetty2016childhood,
  title={Childhood environment and gender gaps in adulthood},
  author={Chetty, Raj and Hendren, Nathaniel and Lin, Frina and Majerovitz, Jeremy and Scuderi, Benjamin},
  journal={American Economic Review},
  volume={106},
  number={5},
  pages={282--88},
  year={2016}
}
@article{vink2015partioned,
	title={Partioned predictive mean matching as a large data multilevel imputation technique.},
	author={Vink, Gerko and Lazendic, Goran and van Buuren, Stef},
	journal={Psychological Test and Assessment Modeling},
	volume={57},
	number={4},
	pages={577--594},
	year={2015}
}